@article{Elze:1989un,
    author = "Elze, Hans-Thomas and Heinz, Ulrich W.",
    editor = "Hwa, Rudolph C. and Wang, Xin-Nian",
    title = "{Quark - Gluon Transport Theory}",
    reportNumber = "CERN-TH-5325-89",
    doi = "10.1016/0370-1573(89)90059-8",
    journal = "Phys. Rept.",
    volume = "183",
    pages = "81--135",
    year = "1989"
}