@article{Elze:1989un,
    author = "Elze, Hans-Thomas and Heinz, Ulrich W.",
    editor = "Hwa, Rudolph C. and Wang, Xin-Nian",
    title = "{Quark - Gluon Transport Theory}",
    reportNumber = "CERN-TH-5325-89",
    doi = "10.1016/0370-1573(89)90059-8",
    journal = "Phys. Rept.",
    volume = "183",
    pages = "81--135",
    year = "1989"
}

@article{Schwinger},
	author="Schwinger, Julian",
	journal="Phys. Rev",
	volume="82",
	pages="664",
	year="1951"
}

@article{Schwinger_graphene},
	author="Dum\'{e}, Isabelle",
	journal="Physics World",
	date="25 March",
	year="2022"
}

@article{Schwinger_plasma},
	author="Ringwald, A.",
	journal="Phys. Lett. B",
	volume="510",
	pages="107--116",
	year="2001"
}

@article{Wong:1994ei,
    author = "Wong, Cheuk-Yin and Wang, Ren-Chuan and Wu, Jian-Shi",
    title = "{Schwinger particle production mechanism for a finite length flux tube with transverse confinement}",
    eprint = "hep-ph/9412357",
    archivePrefix = "arXiv",
    reportNumber = "ORNL-TH-94-1202",
    doi = "10.1103/PhysRevD.51.3940",
    journal = "Phys. Rev. D",
    volume = "51",
    pages = "3940--3943",
    year = "1995"
}

@article{Suganuma:1991ha,
    author = "Suganuma, Hideo and Tatsumi, Toshitaka",
    title = "{Chiral symmetry and quark - anti-quark pair creation in a strong color electromagnetic field}",
    reportNumber = "KUNS-1091",
    doi = "10.1143/PTP.90.379",
    journal = "Prog. Theor. Phys.",
    volume = "90",
    pages = "379--404",
    year = "1993"
}

@article{Sorge:1995dp,
    author = "Sorge, H.",
    title = "{Flavor production in Pb (160-A/GeV) on Pb collisions: Effect of color ropes and hadronic rescattering}",
    eprint = "nucl-th/9509007",
    archivePrefix = "arXiv",
    reportNumber = "UFTP-393-95, GSI-95-50",
    doi = "10.1103/PhysRevC.52.3291",
    journal = "Phys. Rev. C",
    volume = "52",
    pages = "3291--3314",
    year = "1995"
}

@article{Goswami:2019mta,
    author = "Goswami, Ankita and Nayak, Ranjit and Nandi, Basanta Kumar and Dash, Sadhana",
    title = "{Effect of color reconnection and rope formation on resonance production in p\textendash{}p collisions in Pythia 8}",
    eprint = "1911.00559",
    archivePrefix = "arXiv",
    primaryClass = "hep-ph",
    doi = "10.1140/epjc/s10052-021-09709-1",
    journal = "Eur. Phys. J. C",
    volume = "81",
    number = "11",
    pages = "988",
    year = "2021"
}
